
@techreport{Bradner1997,
  abstract = {This document specifies an Internet Best Current Practices for the Internet Community, and requests discussion and suggestions for improvements.In many standards track documents several words are used to signify the requirements in the specification.  These words are often capitalized.  This document defines these words as they should be interpreted in IETF documents.  Authors who follow these guidelines should incorporate this phrase near the beginning of their document: The key words "MUST", "MUST NOT", "REQUIRED", "SHALL", "SHALL NOT", "SHOULD", "SHOULD NOT", "RECOMMENDED",  "MAY", and "OPTIONAL" in this document are to be interpreted as described in RFC 2119.},
  added-at = {2011-12-21T01:05:11.000+0100},
  author = {Bradner, S.},
  biburl = {https://www.bibsonomy.org/bibtex/2d0e56b30189deb3d3b1af10a6a77e30b/fairybasslet},
  interhash = {630f9247a807f0708050f4fb3624c772},
  intrahash = {d0e56b30189deb3d3b1af10a6a77e30b},
  keywords = {IETF},
  publisher = {Internet Engineering Task Force (IETF)},
  timestamp = {2011-12-21T01:05:13.000+0100},
  title = {IETF RFC 2119: Key words for use in RFCs to Indicate Requirement Levels},
  year = 1997
}

